<?xml version="1.0" encoding="UTF-8"?><record xmlns="http://www.loc.gov/MARC21/slim" xmlns:cinclude="http://apache.org/cocoon/include/1.0" xmlns:zs="http://www.loc.gov/zing/srw/">
  <leader>00439nz  a2200133n  4500</leader>
  <controlfield tag="001">no2003076406</controlfield>
  <controlfield tag="003">DLC</controlfield>
  <controlfield tag="005">20030801051928.0</controlfield>
  <controlfield tag="008">030731n| acannaabn          |n aaa      </controlfield>
  <datafield tag="010" ind1=" " ind2=" ">
    <subfield code="a">no2003076406</subfield>
  </datafield>
  <datafield tag="035" ind1=" " ind2=" ">
    <subfield code="a">(OCoLC)oca06114318</subfield>
  </datafield>
  <datafield tag="040" ind1=" " ind2=" ">
    <subfield code="a">DLC-ON</subfield>
    <subfield code="b">eng</subfield>
    <subfield code="c">DLC-ON</subfield>
  </datafield>
  <datafield tag="100" ind1="1" ind2=" ">
    <subfield code="a">Prabhakaradu, C. R.</subfield>
  </datafield>
  <datafield tag="670" ind1=" " ind2=" ">
    <subfield code="a">Flyingfish fishing on the Coromandel Coast, 1988-1991, 1993:</subfield>
    <subfield code="b">t.p. (C.R. Prabhakaradu, Ispector of Fsheries, D.O.F., Govt. of Tamil Nadu)</subfield>
  </datafield>
</record>